@article{cederman2005computational,
  title={Computational models of social forms: Advancing generative process theory},
  author={Cederman, Lars-Erik},
  journal={American journal of sociology},
  volume={110},
  number={4},
  pages={864--893},
  year={2005},
  publisher={The University of Chicago Press}
}

@incollection{christodoulidi2015phase,
  title={Phase transitions in models of bird flocking},
  author={Christodoulidi, H and Van Der Weele, K and Antonopoulos, Ch G and Bountis, T},
  booktitle={Chaos, Information Processing And Paradoxical Games: The Legacy Of John S Nicolis},
  pages={383--398},
  year={2015},
  publisher={World Scientific}
}

@book{haidt2012righteous,
  title={The righteous mind: Why good people are divided by politics and religion},
  author={Haidt, Jonathan},
  year={2012},
  publisher={Vintage}
}

@incollection{kim2020computational,
  title={Computational Models of Political Decision Making},
  author={Kim, Sungyoun},
  booktitle={Oxford Research Encyclopedia of Politics},
  year={2020}
}

@book{scott2003computational,
  title={Computational models in political economy},
  author={Ken Kollman and John H Miller and Page, Scott E},
  year={2003},
  publisher={MIT Press}
}

@book{smith2011less,
  title={Less than human: Why we demean, enslave, and exterminate others},
  author={Livingstone Smith, David},
  year={2011},
  publisher={St. Martin's Press}
}

@article{saletan2012why,
 author  = {Saletan, William},
 date    = {2012-03-23},
 year    = {2012},
 title   = {Why Wonâ€™t They Listen?},
 journal = {The New York Times},
 url     = {https://www.nytimes.com/2012/03/25/books/review/the-righteous-mind-by-jonathan-haidt.html},
 urldate = {2023-04-16}
}

@article{bianchi2015agent,
  title={Agent-based models in sociology},
  author={Bianchi, Federico and Squazzoni, Flaminio},
  journal={Wiley Interdisciplinary Reviews: Computational Statistics},
  volume={7},
  number={4},
  pages={284--306},
  year={2015},
  publisher={Wiley Online Library}
}

@article{bruch2015agent,
  title={Agent-based models in empirical social research},
  author={Bruch, Elizabeth and Atwell, Jon},
  journal={Sociological methods \& research},
  volume={44},
  number={2},
  pages={186--221},
  year={2015},
  publisher={SAGE Publications Sage CA: Los Angeles, CA}
}
